@article{lemola2007maternal,
  title={Maternal adjustment five months after birth: the impact of the subjective experience of childbirth and emotional support from the partner},
  author={Lemola, Sakari and Stadlmayr, Werner and Grob, Alexander},
  journal={Journal of reproductive and infant psychology},
  volume={25},
  number={3},
  pages={190--202},
  year={2007},
  publisher={Taylor \& Francis}
}